<?xml version="1.0" encoding="UTF-8"?><record xmlns="http://www.loc.gov/MARC21/slim" xmlns:cinclude="http://apache.org/cocoon/include/1.0" xmlns:zs="http://www.loc.gov/zing/srw/">
  <leader>00476nz  a2200133n  4500</leader>
  <controlfield tag="001">n 2005029943</controlfield>
  <controlfield tag="003">DLC</controlfield>
  <controlfield tag="005">20050425092514.0</controlfield>
  <controlfield tag="008">050425n| acannaabn          |a aaa      </controlfield>
  <datafield tag="010" ind1=" " ind2=" ">
    <subfield code="a">n 2005029943</subfield>
  </datafield>
  <datafield tag="040" ind1=" " ind2=" ">
    <subfield code="a">DLC</subfield>
    <subfield code="b">eng</subfield>
    <subfield code="c">DLC</subfield>
  </datafield>
  <datafield tag="100" ind1="1" ind2=" ">
    <subfield code="a">Ortiz Romero, Pablo</subfield>
  </datafield>
  <datafield tag="400" ind1="1" ind2=" ">
    <subfield code="a">Romero, Pablo Ortiz</subfield>
  </datafield>
  <datafield tag="670" ind1=" " ind2=" ">
    <subfield code="a">El edificio protohistoĚrico de "La Mata" (Campanario, Badajoz) y su estudio territorial, 2004:</subfield>
    <subfield code="b">v. 1, t.p. (Pablo Ortiz Romero) p. 6 (I.E.S. "Cristo del Rosario," Zafra, Badajoz)</subfield>
  </datafield>
</record>